
@InCollection{Edjlali:SIP99,
  author = 	 {G.~Edjlali and A.~Acharya and V.~Chaudhary},
  title = 	 {History-based Access Control for Mobile Code},
  booktitle = 	 "Secure Internet Programming",
  pages     =     "??--??",
  crossref  =    "SIP99"
}

@InCollection{Wilhelm:SIP99,
  author = 	 {U.~Wilhelm and S.~Staamann and L.~Buttyan},
  title = 	 {Introducing Trusted Third Parties to the Mobile
                  Agent Paradigm}, 
  booktitle = 	 "Secure Internet Programming",
  pages     =     "??--??",
  crossref  =    "SIP99"
}

@InCollection{Tschudin:SIP99,
  author = 	 {C.~Tschudin},
  title = 	 {Apoptosis --- The programmed death of distributed services},
  booktitle = 	 "Secure Internet Programming",
  pages     =     "??--??",
  crossref  =    "SIP99"
}

@InCollection{Doorn:SIP99,
  author = 	 {L.~van~Doorn and M.~Abadi and M.~Burrows and E.~Wobber},
  title = 	 {Secure Network Objects},
  booktitle = 	 "Secure Internet Programming",
  pages     =     "??--??",
  crossref  =    "SIP99"
}

@InCollection{Jones:SIP99,
  author = 	 {M.~B.~Jones},
  title = 	 {Interposition Agents: Transparently Interposing User
                  Code at the System Interface}, 
  booktitle = 	 "Secure Internet Programming",
  pages     =     "??--??",
  crossref  =    "SIP99"
}

@InCollection{Cardelli:SIP99,
  author = 	 {L.~Cardelli},
  title = 	 {Abstractions for Mobile Computation},
  booktitle = 	 "Secure Internet Programming",
  pages     =     "??--??",
  crossref  =    "SIP99"
}

@InCollection{Leroy:SIP99,
  author = 	 {X.~Leroy and F.~Rouaix},
  title = 	 {Security properties of typed applets},
  booktitle = 	 "Secure Internet Programming",
  pages     =     "??--??",
  crossref  =    "SIP99"
}

@InCollection{Alexander:SIP99,
  author = 	 {D.~S.~Alexander and W.~A.~Arbaugh and
                  A.~D.~Keromytis and J.~M.~Smith},
  title = 	 {Security in Active Networks},
  booktitle = 	 "Secure Internet Programming",
  pages     =     "??--??",
  crossref  =    "SIP99"
}

@InCollection{Swarup:SIP99,
  author = 	 {V.~Swarup and J.~T.~Fabrega},
  title = 	 {Understanding Trust},
  booktitle = 	 "Secure Internet Programming",
  pages     =     "??--??",
  crossref  =    "SIP99"
}

@InCollection{Roth:SIP99,
  author = 	 {V.~Roth},
  title = 	 {Mutual Protection of Co-operating Agents},
  booktitle = 	 "Secure Internet Programming",
  pages     =     "??--??",
  crossref  =    "SIP99"
}

@InCollection{Grimm:SIP99,
  author = 	 {R.~Grimm and B.~Bershad},
  title = 	 {Providing Policy Neutral and Transparent Access
                  Control in Extensible Systems}, 
  booktitle = 	 "Secure Internet Programming",
  pages     =     "??--??",
  crossref  =    "SIP99"
}

@InCollection{Hennessey:SIP99,
  author = 	 {M.~Hennessey and J.~Riely},
  title = 	 {Type-safe Execution of Mobile Agents in Anonymous Networks},
  booktitle = 	 "Secure Internet Programming",
  pages     =     "??--??",
  crossref  =    "SIP99"
}

@InCollection{Nicola:SIP99,
  author = 	 {R.~De~Nicola and G.~L.~Ferrari and R.~Pugliese},
  title = 	 {Types as Specifications of Access Policies},
  booktitle = 	 "Secure Internet Programming",
  pages     =     "??--??",
  crossref  =    "SIP99"
}

@InCollection{Eicken:SIP99,
  author = 	 {T.~von~Eicken},
  title = 	 {J-Kernel a capability based operating system for Java},
  booktitle = 	 "Secure Internet Programming",
  pages     =     "??--??",
  crossref  =    "SIP99"
}

@InCollection{Abadi:SIP99,
  author = 	 {M.~Abadi},
  title = 	 {Protection in Programming Language Translation},
  booktitle = 	 "Secure Internet Programming",
  pages     =     "??--??",
  crossref  =    "SIP99"
}

@InCollection{Ancona:SIP99,
  author = 	 {M.~Ancona and W.~Cazzola and E.~Fernandez},
  title = 	 {Reflective Authorization Systems: Possibilitie,
                  Benefits and Drawbacks}, 
  booktitle = 	 "Secure Internet Programming",
  pages     =     "??--??",
  crossref  =    "SIP99"
}

@InCollection{Hulaas:SIP99,
  author = 	 {Jaarle Hulaas and Alex Villazon and Juergen Harms},
  title = 	 {User Interfaces as a General Mechanism for the
                  Specification of Functionality and Access Rights in
                  Open Dynamic Environments}, 
  booktitle = 	 "Secure Internet Programming",
  pages     =     "??--??",
  crossref  =    "SIP99"
}

@InCollection{Blaze:SIP99,
  author = 	 {M.~Blaze and J.~Feigenbaum and J.~Ioannidis and
                  A.~Keromytis}, 
  title = 	 {he Role of Trust Management in Distributed Systems Security},
  booktitle = 	 "Secure Internet Programming",
  pages     =     "??--??",
  crossref  =    "SIP99"
}

@InCollection{Jaeger:SIP99,
  author = 	 {T.~Jaeger},
  title = 	 {Access Control in Configurable Systems},
  booktitle = 	 "Secure Internet Programming",
  pages     =     "??--??",
  crossref  =    "SIP99"
}

@InCollection{Aura:SIP99,
  author = 	 {T.~Aura},
  title = 	 {Distributed access rights management with delegation
                  certificates}, 
  booktitle = 	 "Secure Internet Programming",
  pages     =     "??--??",
  crossref  =    "SIP99"
}

@InCollection{Brose:SIP99,
  author = 	 {G.~Brose},
  title = 	 {A View-Based Access Control Model for {CORBA}},
  booktitle = 	 "Secure Internet Programming",
  pages     =     "??--??",
  crossref  =    "SIP99"
}

@Book{SIP99,
  author =       "Jan Vitek and Christian Jensen",
  title =        "Secure Internet Programming: Security Issues
                  for Mobile and Distributed Objects",
  volume =       "",
  publisher =    "Springer-Verlag Inc.",
  address =      "New York, NY, USA",
  year =         "1999",
  ISBN =         "",
  ISSN =         "",
  LCCN =         "",
  series =       "Lecture Notes in Computer Science",
  keywords =     "Computer security; Electronic data processing ---
                 Distributed processing --- Security; Intelligent agents
                 (Computer software) --- Security measures; measures;
                 Mobile agents (Computer software)",
}
