@InCollection{SF-sip99
	title={Trust: Benefits, Models, and Mechanisms},
	author={Vipin Swarup and Javier~Thayer~F\'{a}brega),
  year =         "1999",
  publisher =    "Springer-Verlag, Berlin Germany",
  editor =       "J. Vitek and C. Jensen",
  number =       "1603",
  series =       "Lecture Notes in Computer Science",
  booktitle =    "Secure Internet Programming: Security Issues for
                 Mobile and Distributed Objects",
  ISBN =         "3-540-66130-1",
}


@InCollection{A-sip99,
	title={Protection in Programming--Language Translations},
	author={Mart\'{i}n Abadi),
  year =         "1999",
  publisher =    "Springer-Verlag, Berlin Germany",
  editor =       "J. Vitek and C. Jensen",
  number =       "1603",
  series =       "Lecture Notes in Computer Science",
  booktitle =    "Secure Internet Programming: Security Issues for
                 Mobile and Distributed Objects",
  ISBN =         "3-540-66130-1",
}


@InCollection{ACF-sip99,
	title={Reflective Titleisation Systems: Possibilities, Benefits,
and Drawbacks
	author={Massimo Ancona, Walter Cazzola, and },Eduardo B.~Fernandez),
  year =         "1999",
  publisher =    "Springer-Verlag, Berlin Germany",
  editor =       "J. Vitek and C. Jensen",
  number =       "1603",
  series =       "Lecture Notes in Computer Science",
  booktitle =    "Secure Internet Programming: Security Issues for
                 Mobile and Distributed Objects",
  ISBN =         "3-540-66130-1",
}


@InCollection{C-sip99,
	title={Abstractions for Mobile Computations
	author={Luca Cardelli),
  year =         "1999",
  publisher =    "Springer-Verlag, Berlin Germany",
  editor =       "J. Vitek and C. Jensen",
  number =       "1603",
  series =       "Lecture Notes in Computer Science",
  booktitle =    "Secure Internet Programming: Security Issues for
                 Mobile and Distributed Objects",
  ISBN =         "3-540-66130-1",
}


@InCollection{HR-sip99,
	title={Type--Safe Execution of Mobile agents in Anonymous Networks
	author={Matthew Hennesy and James Riely),
  year =         "1999",
  publisher =    "Springer-Verlag, Berlin Germany",
  editor =       "J. Vitek and C. Jensen",
  number =       "1603",
  series =       "Lecture Notes in Computer Science",
  booktitle =    "Secure Internet Programming: Security Issues for
                 Mobile and Distributed Objects",
  ISBN =         "3-540-66130-1",
}


@InCollection{NFP-sip99,
	title={Types as Specifications of Access Policies},
	author={Rocco De Nicola, GianLuigi Ferrari, and Rosario Pugliese),
  year =         "1999",
  publisher =    "Springer-Verlag, Berlin Germany",
  editor =       "J. Vitek and C. Jensen",
  number =       "1603",
  series =       "Lecture Notes in Computer Science",
  booktitle =    "Secure Internet Programming: Security Issues for
                 Mobile and Distributed Objects",
  ISBN =         "3-540-66130-1",
}


@InCollection{LR-sip99,
	title={Security Properties of Typed Applets
	author={Xavier Leroy and },François Rouaix),
  year =         "1999",
  publisher =    "Springer-Verlag, Berlin Germany",
  editor =       "J. Vitek and C. Jensen",
  number =       "1603",
  series =       "Lecture Notes in Computer Science",
  booktitle =    "Secure Internet Programming: Security Issues for
                 Mobile and Distributed Objects",
  ISBN =         "3-540-66130-1",
}



@InCollection{BFIK-sip99,
	title={The Role of Trust Management in Distributed Systems Security},
	author={Matt Blaze, Joan Feigenbaum, John Ioannidis, and },Angelos~D.~Keromytis),
  year =         "1999",
  publisher =    "Springer-Verlag, Berlin Germany",
  editor =       "J. Vitek and C. Jensen",
  number =       "1603",
  series =       "Lecture Notes in Computer Science",
  booktitle =    "Secure Internet Programming: Security Issues for
                 Mobile and Distributed Objects",
  ISBN =         "3-540-66130-1",
}


@InCollection{Au-sip99,
	title={Distributed Access--Rights Management with Delegation Certificates
	author={Tuomas Aura),
  year =         "1999",
  publisher =    "Springer-Verlag, Berlin Germany",
  editor =       "J. Vitek and C. Jensen",
  number =       "1603",
  series =       "Lecture Notes in Computer Science",
  booktitle =    "Secure Internet Programming: Security Issues for
                 Mobile and Distributed Objects",
  ISBN =         "3-540-66130-1",
}


@InCollection{B-sip99,
	title={A View--Based Access Control Model for CORBA
	author={Gerald Brose),
  year =         "1999",
  publisher =    "Springer-Verlag, Berlin Germany",
  editor =       "J. Vitek and C. Jensen",
  number =       "1603",
  series =       "Lecture Notes in Computer Science",
  booktitle =    "Secure Internet Programming: Security Issues for
                 Mobile and Distributed Objects",
  ISBN =         "3-540-66130-1",
}


@InCollection{T-sip99,
	title={Apoptosis --- the Programmed Death of Distributed Services},
	author={Christian Tschudin),
  year =         "1999",
  publisher =    "Springer-Verlag, Berlin Germany",
  editor =       "J. Vitek and C. Jensen",
  number =       "1603",
  series =       "Lecture Notes in Computer Science",
  booktitle =    "Secure Internet Programming: Security Issues for
                 Mobile and Distributed Objects",
  ISBN =         "3-540-66130-1",
}


@InCollection{Y-sip99,
	title={A Sanctuary for Mobile Agents
	author={Bennet S.~Yee),
  year =         "1999",
  publisher =    "Springer-Verlag, Berlin Germany",
  editor =       "J. Vitek and C. Jensen",
  number =       "1603",
  series =       "Lecture Notes in Computer Science",
  booktitle =    "Secure Internet Programming: Security Issues for
                 Mobile and Distributed Objects",
  ISBN =         "3-540-66130-1",
}


@InCollection{AAKS99,
	title={Mutual Protection of Co--operating Agents
	author={Volker Roth),
  year =         "1999",
  publisher =    "Springer-Verlag, Berlin Germany",
  editor =       "J. Vitek and C. Jensen",
  number =       "1603",
  series =       "Lecture Notes in Computer Science",
  booktitle =    "Secure Internet Programming: Security Issues for
                 Mobile and Distributed Objects",
  ISBN =         "3-540-66130-1",
}


@InCollection{AAKS99,
	title={Access Control in Configurable Systems
	author={Trent Jaeger),
  year =         "1999",
  publisher =    "Springer-Verlag, Berlin Germany",
  editor =       "J. Vitek and C. Jensen",
  number =       "1603",
  series =       "Lecture Notes in Computer Science",
  booktitle =    "Secure Internet Programming: Security Issues for
                 Mobile and Distributed Objects",
  ISBN =         "3-540-66130-1",
}


@InCollection{AAKS99,
	title={Providing Policy--Neutral and Transparent Access Control in },Extensible Systems
	author={Robert Grimm and Brian~N.~Bershad),
  year =         "1999",
  publisher =    "Springer-Verlag, Berlin Germany",
  editor =       "J. Vitek and C. Jensen",
  number =       "1603",
  series =       "Lecture Notes in Computer Science",
  booktitle =    "Secure Internet Programming: Security Issues for
                 Mobile and Distributed Objects",
  ISBN =         "3-540-66130-1",
}


@InCollection{AAKS99,
	title={Interposition Agents: Transparently Interposing User Code at the System Interface
	author={Michael~B.~Jones),
  year =         "1999",
  publisher =    "Springer-Verlag, Berlin Germany",
  editor =       "J. Vitek and C. Jensen",
  number =       "1603",
  series =       "Lecture Notes in Computer Science",
  booktitle =    "Secure Internet Programming: Security Issues for
                 Mobile and Distributed Objects",
  ISBN =         "3-540-66130-1",
}

@InCollection{AAKS99,
	title={J--Kernel: a Capability--Based Operating System for Java},
	author={Thorsten von Eicken, Chi--Chao Chang, Grzegorz Czajkowski, Chris Hawblitzel, Deyu Hu, and Dan Spoonhower),
  year =         "1999",
  publisher =    "Springer-Verlag, Berlin Germany",
  editor =       "J. Vitek and C. Jensen",
  number =       "1603",
  series =       "Lecture Notes in Computer Science",
  booktitle =    "Secure Internet Programming: Security Issues for
                 Mobile and Distributed Objects",
  ISBN =         "3-540-66130-1",
}


@InCollection{AAKS99,
	title={Secure Network Objects},
	author={Leendert van Doorn, Mart\'{i}n Abadi, },Mike Burrows, and Edward Wobber),
  year =         "1999",
  publisher =    "Springer-Verlag, Berlin Germany",
  editor =       "J. Vitek and C. Jensen",
  number =       "1603",
  series =       "Lecture Notes in Computer Science",
  booktitle =    "Secure Internet Programming: Security Issues for
                 Mobile and Distributed Objects",
  ISBN =         "3-540-66130-1",
}


@InCollection{AAKS99,
	title={History--based Access Control for Mobile Code},
	author={Guy Edjlali, },Anurag Acharya, and Vipin Chaudhary),
  year =         "1999",
  publisher =    "Springer-Verlag, Berlin Germany",
  editor =       "J. Vitek and C. Jensen",
  number =       "1603",
  series =       "Lecture Notes in Computer Science",
  booktitle =    "Secure Internet Programming: Security Issues for
                 Mobile and Distributed Objects",
  ISBN =         "3-540-66130-1",
}


@InCollection{AAKS99,
	title={Security in Active Networks },
	author={D.~Scott Alexander, William A.~Arbaugh, Angelos D.~Keromytis, and Jonathan M.~Smith),
  year =         "1999",
  publisher =    "Springer-Verlag, Berlin Germany",
  editor =       "J. Vitek and C. Jensen",
  number =       "1603",
  series =       "Lecture Notes in Computer Science",
  booktitle =    "Secure Internet Programming: Security Issues for
                 Mobile and Distributed Objects",
  ISBN =         "3-540-66130-1",
}


@InCollection{AAKS99,
	title={Using Interfaces to Specify Access Rights},
	author={J.~Hulaas, A.~Villaz\'{o}n, and J.~Harms),
  year =         "1999",
  publisher =    "Springer-Verlag, Berlin Germany",
  editor =       "J. Vitek and C. Jensen",
  number =       "1603",
  series =       "Lecture Notes in Computer Science",
  booktitle =    "Secure Internet Programming: Security Issues for
                 Mobile and Distributed Objects",
  ISBN =         "3-540-66130-1",
}


@InCollection{AAKS99,
	title={Introducing Trusted Third Parties to the Mobile Agent Paradigm
	author={Uwe~G.~Wilhelm, Sebastian~Staamann, and Levente Butty\'{a}n),
  year =         "1999",
  publisher =    "Springer-Verlag, Berlin Germany",
  editor =       "J. Vitek and C. Jensen",
  number =       "1603",
  series =       "Lecture Notes in Computer Science",
  booktitle =    "Secure Internet Programming: Security Issues for
                 Mobile and Distributed Objects",
  ISBN =         "3-540-66130-1",
}






@Proceedings{VitJen99,
  title =        "Secure Internet Programming: Security Issues for
                 Mobile and Distributed Objects",
  year =         "1999",
  publisher =    "Springer-Verlag, Berlin Germany",
  editor =       "J. Vitek and C. Jensen",
  number =       "1603",
  series =       "Lecture Notes in Computer Science",
  ISBN =         "3-540-66130-1",
  booktitle =    "Secure Internet Programming: Security Issues for
                 Mobile and Distributed Objects",
}
